<collection xmlns="http://www.loc.gov/MARC21/slim">
<record>
  <leader>01708nam0a2200265 i 450 </leader>
  <controlfield tag="001">IT\ICCU\CNCE\001817</controlfield>
  <controlfield tag="005">20060516000000.0</controlfield>
  <datafield tag="012" ind1=" " ind2=" ">
    <subfield code="a">leu- a-ea vnsi stti (3) 1586 (A)</subfield>
    <subfield code="2">fei</subfield>
  </datafield>
  <datafield tag="100" ind1=" " ind2=" ">
    <subfield code="a">19970101d1586        0itac0103    ba</subfield>
  </datafield>
  <datafield tag="101" ind1=" " ind2=" ">
    <subfield code="a">ITA</subfield>
  </datafield>
  <datafield tag="102" ind1=" " ind2=" ">
    <subfield code="a">IT</subfield>
  </datafield>
  <datafield tag="200" ind1="1" ind2=" ">
    <subfield code="a">℗L&apos;℗historia della traslatione della santa casa della Madonna a Loreto. Gi ̉scritta a Clemente VII pont. mass. da Girolamo Angelita, e tradotta in lingua volgare da Giulio Cesare Galeotti d&apos;Ascisi, Con l&apos;aggiunta di alcuni notabili successi, e miracoli auenuti in esso santo luogo dal pontificato di Clemente VII sin&apos;a gl&apos;anni di n.s. papa Sisto quinto. Aggiuntoui ancho, il compendio dell&apos;indulgenze concesse da varij so. pont. alla sudetta s. casa. Alcuni auertimenti per peregrini, che vanno a visitare la detta santa casa, o altri luoghi santi. Le letanie del Signore, &amp; della Madonna, che si cantano ogni sabbato, &amp; feste di essa Madonna</subfield>
  </datafield>
  <datafield tag="210" ind1=" " ind2=" ">
    <subfield code="a">A Fermo</subfield>
    <subfield code="c">appresso Sertorio de&apos; Monti</subfield>
    <subfield code="c">ad istanza di Claudio Sabini</subfield>
    <subfield code="d">1586</subfield>
  </datafield>
  <datafield tag="215" ind1=" " ind2=" ">
    <subfield code="a">186, \4! p.</subfield>
    <subfield code="d">12ʻ</subfield>
  </datafield>
  <datafield tag="620" ind1=" " ind2=" ">
    <subfield code="a">IT</subfield>
    <subfield code="d">Fermo</subfield>
  </datafield>
  <datafield tag="700" ind1=" " ind2="1">
    <subfield code="a">Angelita,</subfield>
    <subfield code="b">Girolamo</subfield>
    <subfield code="3">IT\ICCU\CNCA\000722</subfield>
  </datafield>
  <datafield tag="702" ind1=" " ind2="1">
    <subfield code="a">Galeotti,</subfield>
    <subfield code="b">Giulio Cesare</subfield>
    <subfield code="3">IT\ICCU\CNCA\000186</subfield>
  </datafield>
  <datafield tag="712" ind1="0" ind2="0">
    <subfield code="a">Monti, Sertorio</subfield>
    <subfield code="3">IT\ICCU\CNCT\000618</subfield>
    <subfield code="4">650</subfield>
  </datafield>
  <datafield tag="712" ind1="0" ind2="0">
    <subfield code="a">Sabini, Claudio</subfield>
    <subfield code="3">IT\ICCU\CNCT\000617</subfield>
    <subfield code="4">650</subfield>
  </datafield>
  <datafield tag="790" ind1=" " ind2="1">
    <subfield code="a">Angelitta,</subfield>
    <subfield code="b">Girolamo</subfield>
    <subfield code="3">IT\ICCU\CNCA\012651</subfield>
    <subfield code="z">Angelita, Girolamo</subfield>
  </datafield>
  <datafield tag="790" ind1=" " ind2="1">
    <subfield code="a">Galeottus,</subfield>
    <subfield code="b">Iulius Caesar</subfield>
    <subfield code="3">IT\ICCU\CNCA\019376</subfield>
    <subfield code="z">Galeotti, Giulio Cesare</subfield>
  </datafield>
  <datafield tag="791" ind1="0" ind2="0">
    <subfield code="a">Montibus, Sertorius de</subfield>
    <subfield code="3">IT\ICCU\CNCT\002375</subfield>
    <subfield code="z">Monti, Sertorio</subfield>
  </datafield>
  <datafield tag="791" ind1="0" ind2="0">
    <subfield code="a">De_Monti, Sertorio</subfield>
    <subfield code="3">IT\ICCU\CNCT\002376</subfield>
    <subfield code="z">Monti, Sertorio</subfield>
  </datafield>
  <datafield tag="801" ind1=" " ind2="3">
    <subfield code="a">IT</subfield>
    <subfield code="b">ICCU</subfield>
    <subfield code="c">20201113</subfield>
  </datafield>
  <datafield tag="899" ind1=" " ind2=" ">
    <subfield code="a">Biblioteca comunale dell&apos;Archiginnasio. Bologna</subfield>
    <subfield code="1">BO0304</subfield>
    <subfield code="2">UBO GA</subfield>
  </datafield>
</record>
</collection>
